<record xmlns="http://www.loc.gov/MARC21/slim" xmlns:xsi="http://www.w3.org/2001/XMLSchema-instance" xsi:schemaLocation="http://www.loc.gov/MARC21/slim http://www.loc.gov/standards/marcxml/schema/MARC21slim.xsd"><leader>03131nam a2200469   4500</leader><controlfield tag="001">4085966</controlfield><controlfield tag="003">NIC</controlfield><controlfield tag="006">m        d        </controlfield><controlfield tag="007">cr cn |||m|||a</controlfield><controlfield tag="008">150116s1891    xx      o     000 0 ara  </controlfield><datafield ind1=" " ind2=" " tag="040"><subfield code="a">NNU</subfield><subfield code="b">eng</subfield><subfield code="e">rda</subfield><subfield code="c">NNU</subfield></datafield><datafield ind1="0" ind2="0" tag="050"><subfield code="a">BP130.4</subfield><subfield code="b">.Z3 1891</subfield></datafield><datafield ind1="1" ind2=" " tag="100"><subfield code="6">880-01</subfield><subfield code="a">Zamakhshari&#772;, Mah&#803;mu&#772;d ibn &#699;Umar,</subfield><subfield code="d">1075-1144.</subfield></datafield><datafield ind1="1" ind2="3" tag="245"><subfield code="6">880-02</subfield><subfield code="a">al-Kashsha&#772;f &#699;an h&#803;aqa&#772;&#700;iq al-tanzi&#772;l wa-&#699;uyu&#772;n al-aqa&#772;wi&#772;l fi&#772; wuju&#772;h al-ta&#700;wi&#772;l.</subfield></datafield><datafield ind1=" " ind2=" " tag="260"><subfield code="a">[Place of publication not identified] :</subfield><subfield code="b">[publisher not identified],</subfield><subfield code="c">[1891]</subfield></datafield><datafield ind1=" " ind2=" " tag="300"><subfield code="a">online resource (2 volumes)</subfield></datafield><datafield ind1=" " ind2=" " tag="336"><subfield code="a">text</subfield><subfield code="2">rdacontent</subfield></datafield><datafield ind1=" " ind2=" " tag="337"><subfield code="a">computer</subfield><subfield code="2">rdamedia</subfield></datafield><datafield ind1=" " ind2=" " tag="338"><subfield code="a">online resource</subfield><subfield code="2">rdacarrier</subfield></datafield><datafield ind1=" " ind2=" " tag="500"><subfield code="a">Part of the Arabic Collections Online (ACO) project, contributed by Cornell University Libraries.</subfield></datafield><datafield ind1=" " ind2=" " tag="505"><subfield code="6">880-03</subfield><subfield code="g">al-Juzu&#700; al-tha&#772;ni&#772;</subfield><subfield code="t">al-Kashsha&#772;f &#699;an h&#803;aqa&#772;&#700;iq ghawa&#772;mid&#803; tanzi&#772;l wa-&#699;uyu&#772;n al-aqa&#772;wi&#772;l fi&#772; wuju&#772;h al-ta&#700;wi&#772;l.</subfield></datafield><datafield ind1=" " ind2=" " tag="533"><subfield code="a">Electronic reproduction.</subfield><subfield code="b">New York, N.Y. :</subfield><subfield code="c">New York University,</subfield><subfield code="d">2015.</subfield><subfield code="5">NNU</subfield></datafield><datafield ind1="0" ind2="0" tag="630"><subfield code="a">Qur&#700;an</subfield><subfield code="v">Commentaries.</subfield></datafield><datafield ind1="0" ind2="7" tag="630"><subfield code="a">Qur&#700;an.</subfield><subfield code="2">fast</subfield><subfield code="0">(OCoLC)fst01842877</subfield></datafield><datafield ind1=" " ind2="7" tag="655"><subfield code="a">Commentaries.</subfield><subfield code="2">fast</subfield><subfield code="0">(OCoLC)fst01423723</subfield></datafield><datafield ind1="1" ind2=" " tag="700"><subfield code="6">880-04</subfield><subfield code="a">Jurja&#772;ni&#772;, &#699;Ali&#772; ibn Muh&#803;ammad,</subfield><subfield code="c">al-Sayyid al-Shari&#772;f,</subfield><subfield code="d">1340-1413.</subfield></datafield><datafield ind1="1" ind2=" " tag="700"><subfield code="6">880-05</subfield><subfield code="a">Ibn al-Munayyir, Ah&#803;mad ibn Muh&#803;ammad,</subfield><subfield code="d">1223-1284.</subfield></datafield><datafield ind1="1" ind2=" " tag="700"><subfield code="6">880-06</subfield><subfield code="a">Muh&#803;ibb al-Di&#772;n, Muh&#803;ammad ibn Abi&#772; Bakr,</subfield><subfield code="d">1542 or 1543-1607 or 1608.</subfield><subfield code="t">Tanzi&#772;l al-a&#772;ya&#772;t &#699;ala&#769; al-shawa&#772;hid min al-abya&#772;t.</subfield></datafield><datafield ind1="2" ind2=" " tag="710"><subfield code="a">Cornell University.</subfield><subfield code="b">Libraries.</subfield></datafield><datafield ind1="0" ind2=" " tag="730"><subfield code="a">Arabic Collections Online.</subfield></datafield><datafield ind1="0" ind2="8" tag="776"><subfield code="i">Online version:</subfield><subfield code="a">Zamakhshari&#772;, Mah&#803;mu&#772;d ibn &#699;Umar, 1075-1144.</subfield><subfield code="t">Kashsha&#772;f &#699;an h&#803;aqa&#772;&#700;iq al-tanzi&#772;l wa-&#699;uyu&#772;n al-aqa&#772;wil fi&#772; wuju&#772;h al-ta&#699;wil.</subfield><subfield code="d">[1891]</subfield><subfield code="w">(OCoLC)607779690</subfield></datafield><datafield ind1="0" ind2="8" tag="776"><subfield code="i">Online version:</subfield><subfield code="a">Zamakhshari&#772;, Mah&#803;mu&#772;d ibn &#699;Umar, 1075-1144.</subfield><subfield code="t">Kashsha&#772;f &#699;an h&#803;aqa&#772;&#700;iq al-tanzi&#772;l wa-&#699;uyu&#772;n al-aqa&#772;wil fi&#772; wuju&#772;h al-ta&#699;wil.</subfield><subfield code="d">[1891]</subfield><subfield code="w">(OCoLC)622742127</subfield></datafield><datafield ind1="0" ind2="8" tag="776"><subfield code="i">Print version:</subfield><subfield code="a">Zamakhshari&#772;, Mah&#803;mu&#772;d ibn &#699;Umar, 1075-1144.</subfield><subfield code="t">al-Kashsha&#772;f &#699;an h&#803;aqa&#772;&#700;iq al-tanzi&#772;l wa-&#699;uyu&#772;n al-aqa&#772;wi&#772;l fi&#772; wuju&#772;h al-ta&#700;wi&#772;l</subfield><subfield code="w">(NIC)4085966</subfield><subfield code="w">(DLC)   60032288 </subfield><subfield code="w">(OCoLC)23498944</subfield></datafield><datafield ind1="4" ind2="0" tag="856"><subfield code="u">http://hdl.handle.net/2333.1/wh70s151</subfield></datafield><datafield ind1="1" ind2=" " tag="880"><subfield code="6">100-01/r</subfield><subfield code="a">&#1586;&#1605;&#1582;&#1588;&#1585;&#1610;&#1548; &#1605;&#1581;&#1605;&#1608;&#1583; &#1576;&#1606; &#1593;&#1605;&#1585;&#1548;,</subfield><subfield code="d">1075-1144.</subfield></datafield><datafield ind1="1" ind2="2" tag="880"><subfield code="6">245-02/r</subfield><subfield code="a">&#1575;&#1604;&#1603;&#1588;&#1575;&#1601; &#1593;&#1606; &#1581;&#1602;&#1575;&#1574;&#1602; &#1575;&#1604;&#1578;&#1606;&#1586;&#1610;&#1604; &#1608;&#1593;&#1610;&#1608;&#1606; &#1575;&#1604;&#1575;&#1602;&#1575;&#1608;&#1610;&#1604; &#1601;&#1610; &#1608;&#1580;&#1608;&#1607; &#1575;&#1604;&#1578;&#1571;&#1608;&#1610;&#1604;.</subfield></datafield><datafield ind1=" " ind2=" " tag="880"><subfield code="6">505-03/r</subfield><subfield code="g">&#1575;&#1604;&#1580;&#1586;&#1572; &#1575;&#1604;&#1579;&#1575;&#1606;&#1610;</subfield><subfield code="t">&#1575;&#1604;&#1603;&#1588;&#1575;&#1601; &#1593;&#1606; &#1581;&#1602;&#1575;&#1574;&#1602; &#1594;&#1608;&#1575;&#1605;&#1590; &#1578;&#1606;&#1586;&#1610;&#1604; &#1608;&#1593;&#1610;&#1608;&#1606; &#1575;&#1604;&#1575;&#1602;&#1575;&#1608;&#1610;&#1604; &#1601;&#1610; &#1608;&#1580;&#1608;&#1607; &#1575;&#1604;&#1578;&#1571;&#1608;&#1610;&#1604;.</subfield></datafield><datafield ind1="1" ind2=" " tag="880"><subfield code="6">700-04/r</subfield><subfield code="a">&#1580;&#1585;&#1580;&#1575;&#1606;&#1610;&#1548; &#1593;&#1604;&#1610; &#1576;&#1606; &#1605;&#1581;&#1605;&#1583;&#1548;</subfield><subfield code="c">&#1575;&#1604;&#1587;&#1610;&#1583; &#1575;&#1604;&#1588;&#1585;&#1610;&#1601;&#1548;</subfield><subfield code="d">1340-1413.</subfield></datafield><datafield ind1="1" ind2=" " tag="880"><subfield code="6">700-05/r</subfield><subfield code="a">&#1575;&#1576;&#1606; &#1575;&#1604;&#1605;&#1606;&#1610;&#1585;&#1548; &#1575;&#1581;&#1605;&#1583; &#1576;&#1606; &#1605;&#1581;&#1605;&#1583;&#1548;</subfield><subfield code="d">1223-1284.</subfield></datafield><datafield ind1="1" ind2=" " tag="880"><subfield code="6">700-06/r</subfield><subfield code="a">&#1605;&#1581;&#1576; &#1575;&#1604;&#1583;&#1610;&#1606;&#1548; &#1605;&#1581;&#1605;&#1583; &#1576;&#1606; &#1575;&#1576;&#1610; &#1576;&#1603;&#1585;&#1548;,</subfield><subfield code="d">1542 or 1543-1607 or 1608.</subfield><subfield code="t">&#1578;&#1606;&#1586;&#1610;&#1604; &#1575;&#1604;&#1575;&#1610;&#1575;&#1578; &#1593;&#1604;&#1609; &#1575;&#1604;&#1588;&#1608;&#1575;&#1607;&#1583; &#1605;&#1606; &#1575;&#1604;&#1575;&#1576;&#1610;&#1575;&#1578;.</subfield></datafield><datafield ind1=" " ind2=" " tag="959"><subfield code="a">NNU</subfield><subfield code="b">WEB</subfield><subfield code="c">GENI</subfield><subfield code="t">0</subfield><subfield code="m">Electronic access</subfield><subfield code="s">01</subfield></datafield><datafield ind1=" " ind2=" " tag="999"><subfield code="i">NIC_4085966</subfield><subfield code="o">(OCoLC)ocm23498944</subfield></datafield></record>